<record><leader>00000cas a22000007a 4500</leader><controlfield tag="001">24464477</controlfield><controlfield tag="008">910927d180u1809pauwr ne      0    0eng d</controlfield><datafield ind1=" " ind2=" " tag="010"><subfield code="a">sn 91070090 </subfield></datafield><datafield ind1=" " ind2=" " tag="040"><subfield code="a">NPH</subfield><subfield code="b">eng</subfield><subfield code="c">NPH</subfield><subfield code="d">MGN</subfield><subfield code="d">OCLCQ</subfield></datafield><datafield ind1=" " ind2=" " tag="042"><subfield code="a">msc</subfield></datafield><datafield ind1="0" ind2="4" tag="245"><subfield code="a">The Temperate zone.</subfield></datafield><datafield ind1=" " ind2=" " tag="260"><subfield code="a">Downingtown, Pa. :</subfield><subfield code="b">Charles Mowry,</subfield><subfield code="c">-1809.</subfield></datafield><datafield ind1=" " ind2=" " tag="300"><subfield code="a">v. ;</subfield><subfield code="c">48 cm.</subfield></datafield><datafield ind1=" " ind2=" " tag="310"><subfield code="a">Weekly</subfield></datafield><datafield ind1="0" ind2=" " tag="362"><subfield code="a">-v. 2, no. 60 (7th month 25, 1809).</subfield></datafield><datafield ind1=" " ind2=" " tag="588"><subfield code="a">Description based on: Vol. 2, no. 53 (June 6, 1809).</subfield></datafield><datafield ind1=" " ind2=" " tag="752"><subfield code="a">United States</subfield><subfield code="b">Pennsylvania</subfield><subfield code="c">Chester</subfield><subfield code="d">Downingtown.</subfield></datafield><datafield ind1="0" ind2="0" tag="780"><subfield code="t">Temperate zone, and Chester &amp; Delaware advertiser</subfield><subfield code="w">(DLC)sn 91070088</subfield></datafield><datafield ind1="0" ind2="0" tag="785"><subfield code="t">American Republican (Downingtown, Pa. : 1809)</subfield><subfield code="w">(DLC)sn 83032022</subfield></datafield></record>